<?xml version="1.0" encoding="UTF-8"?><collection xmlns="http://www.loc.gov/MARC21/slim"><record><leader>00418nam--2200133-i-4500</leader><controlfield tag="001">000001051</controlfield><controlfield tag="002">20161230</controlfield><controlfield tag="005">20161230201024</controlfield><controlfield tag="008">060222s1000------------r-----000-0-eng-d</controlfield><datafield ind1=" " ind2=" " tag="080"><subfield code="a">539.422(043):550.3</subfield></datafield><datafield ind1=" " ind2=" " tag="100"><subfield code="a">Henry, Jean Pierre</subfield></datafield><datafield ind1=" " ind2=" " tag="245"><subfield code="a">Mecanique lineaire de la rupture apliquee a l etude de la fissuration et de la fracture de roches calcaires.these</subfield></datafield><datafield ind1=" " ind2=" " tag="260"><subfield code="a">Lille, Universite, 1978. 182 P</subfield></datafield><datafield ind1=" " ind2=" " tag="852"><subfield code="a">48426</subfield></datafield></record></collection>